% Books
@book {W94,
	AUTHOR = {Weibel, C.},
	TITLE = {An introduction to homological algebra},
	SERIES = {Cambridge Studies in Advanced Mathematics},
	VOLUME = {38},
	PUBLISHER = {Cambridge University Press, Cambridge},
	YEAR = {1994},
	PAGES = {xiv+450},
	ISBN = {0-521-43500-5; 0-521-55987-1},
	MRCLASS = {18-01 (16-01 17-01 20-01 55Uxx)},
	MRNUMBER = {1269324},
	MRREVIEWER = {Kenneth A. Brown},
	DOI = {10.1017/CBO9781139644136},
}

@book {Boor,
    AUTHOR = {de Boor, C.},
     TITLE = {A practical guide to splines},
    SERIES = {Applied Mathematical Sciences},
    VOLUME = {27},
   EDITION = {Revised},
 PUBLISHER = {Springer-Verlag, New York},
      YEAR = {2001},
     PAGES = {xviii+346},
      ISBN = {0-387-95366-3},
   MRCLASS = {41-01 (41A15 65D05 65D07 65D10)},
  MRNUMBER = {1900298 (2003f:41001)},
MRREVIEWER = {Gerlind Plonka-Hoch},
}

@book {Isogeometric,
    AUTHOR = {Cottrell, J. and Hughes, T. and Bazilevs, Y.},
     TITLE = {Isogeometric analysis: toward integration of CAD and FEA},
 PUBLISHER = {John Wiley \& sons, Ltd.},
      YEAR = {2009},
}

@book {Torics,
    AUTHOR = {Cox, D. and Little, J. and Schenck, H.},
     TITLE = {Toric varieties},
    SERIES = {Graduate Studies in Mathematics},
    VOLUME = {124},
 PUBLISHER = {American Mathematical Society, Providence, RI},
      YEAR = {2011},
     PAGES = {xxiv+841},
      ISBN = {978-0-8218-4819-7},
   MRCLASS = {14M25 (05A15 05E45 52B12)},
  MRNUMBER = {2810322 (2012g:14094)},
MRREVIEWER = {Ivan V. Arzhantsev},
       DOI = {10.1090/gsm/124},
       URL = {http://dx.doi.org/10.1090/gsm/124},
}

@book {UsAlg,
    AUTHOR = {Cox, D. and Little, J. and O'Shea, D.},
     TITLE = {Using algebraic geometry},
    SERIES = {Graduate Texts in Mathematics},
    VOLUME = {185},
   EDITION = {Second},
 PUBLISHER = {Springer, New York},
      YEAR = {2005},
     PAGES = {xii+572},
      ISBN = {0-387-20706-6},
   MRCLASS = {13Pxx (13-01 14-01 14Qxx)},
  MRNUMBER = {2122859 (2005i:13037)},
}

@book {CommAlg,
    AUTHOR = {Eisenbud, D.},
     TITLE = {Commutative algebra},
    SERIES = {Graduate Texts in Mathematics},
    VOLUME = {150},
      NOTE = {With a view toward algebraic geometry},
 PUBLISHER = {Springer-Verlag, New York},
      YEAR = {1995},
     PAGES = {xvi+785},
      ISBN = {0-387-94268-8; 0-387-94269-6},
   MRCLASS = {13-01 (14A05)},
  MRNUMBER = {1322960 (97a:13001)},
MRREVIEWER = {Matthew Miller},
       DOI = {10.1007/978-1-4612-5350-1},
       URL = {http://dx.doi.org/10.1007/978-1-4612-5350-1},
}

@book {AM,
    AUTHOR = {Atiyah, M. and Macdonald, I.},
     TITLE = {Introduction to commutative algebra},
 PUBLISHER = {Addison-Wesley Publishing Co., Reading, Mass.-London-Don
              Mills, Ont.},
      YEAR = {1969},
     PAGES = {ix+128},
   MRCLASS = {13.00},
  MRNUMBER = {0242802 (39 \#4129)},
MRREVIEWER = {J. A. Johnson},
}

@book {Syz,
    AUTHOR = {Eisenbud, D.},
     TITLE = {The geometry of syzygies},
    SERIES = {Graduate Texts in Mathematics},
    VOLUME = {229},
      NOTE = {A second course in commutative algebra and algebraic geometry},
 PUBLISHER = {Springer-Verlag, New York},
      YEAR = {2005},
     PAGES = {xvi+243},
      ISBN = {0-387-22215-4},
   MRCLASS = {13D02 (13-02 13D40 14H45 14H51)},
  MRNUMBER = {2103875 (2005h:13021)},
MRREVIEWER = {Juan C. Migliore},
}

@book {CAGD,
    AUTHOR = {Farin, G.},
     TITLE = {Curves and surfaces for computer-aided geometric design},
    SERIES = {Computer Science and Scientific Computing},
   EDITION = {Fourth},
      NOTE = {A practical guide,
              Chapter 1 by P. B{\'e}zier; Chapters 11 and 22 by W. Boehm,
              With 1 IBM-PC floppy disk (3.5 inch; HD)},
 PUBLISHER = {Academic Press, Inc., San Diego, CA},
      YEAR = {1997},
     PAGES = {xviii+429},
      ISBN = {0-12-249054-1},
   MRCLASS = {65D17 (65-01)},
  MRNUMBER = {1412572 (97e:65022)},
}

@book {StrangFix,
    AUTHOR = {Strang, G. and Fix, G.},
     TITLE = {An analysis of the finite element method},
   EDITION = {Second},
 PUBLISHER = {Wellesley-Cambridge Press, Wellesley, MA},
      YEAR = {2008},
     PAGES = {x+402},
      ISBN = {978-0-9802327-0-7; 0-9802327-0-8},
   MRCLASS = {65-02 (65M60 65N30 74S05 76M10)},
  MRNUMBER = {2743037 (2011i:65004)},
}

@book {Rep,
    AUTHOR = {Fulton, W. and Harris, J.},
     TITLE = {Representation theory},
    SERIES = {Graduate Texts in Mathematics},
    VOLUME = {129},
      NOTE = {A first course,
              Readings in Mathematics},
 PUBLISHER = {Springer-Verlag, New York},
      YEAR = {1991},
     PAGES = {xvi+551},
      ISBN = {0-387-97527-6; 0-387-97495-4},
   MRCLASS = {20G05 (17B10 20G20 22E46)},
  MRNUMBER = {1153249 (93a:20069)},
MRREVIEWER = {James E. Humphreys},
       DOI = {10.1007/978-1-4612-0979-9},
}

@book {Hatcher,
    AUTHOR = {Hatcher, A.},
     TITLE = {Algebraic topology},
 PUBLISHER = {Cambridge University Press, Cambridge},
      YEAR = {2002},
     PAGES = {xii+544},
      ISBN = {0-521-79160-X; 0-521-79540-0},
   MRCLASS = {55-01 (55-00)},
  MRNUMBER = {1867354 (2002k:55001)},
MRREVIEWER = {Donald W. Kahn},
}

@book {LaiSchumaker,
    AUTHOR = {Lai, M-J. and Schumaker, L.},
     TITLE = {Spline functions on triangulations},
    SERIES = {Encyclopedia of Mathematics and its Applications},
    VOLUME = {110},
 PUBLISHER = {Cambridge University Press, Cambridge},
      YEAR = {2007},
     PAGES = {xvi+592},
      ISBN = {978-0-521-87592-9; 0-521-87592-7},
   MRCLASS = {41-02 (41A15 41A63 65D05 65D07)},
  MRNUMBER = {2355272 (2008i:41001)},
MRREVIEWER = {Peter Alfeld},
       DOI = {10.1017/CBO9780511721588},
       URL = {http://dx.doi.org/10.1017/CBO9780511721588},
}

@book {Matsumura,
    AUTHOR = {Matsumura, H.},
     TITLE = {Commutative ring theory},
    SERIES = {Cambridge Studies in Advanced Mathematics},
    VOLUME = {8},
   EDITION = {Second},
      NOTE = {Translated from the Japanese by M. Reid},
 PUBLISHER = {Cambridge University Press, Cambridge},
      YEAR = {1989},
     PAGES = {xiv+320},
      ISBN = {0-521-36764-6},
   MRCLASS = {13-01},
  MRNUMBER = {1011461 (90i:13001)},
}

@book {Comb,
    AUTHOR = {Miller, E. and Sturmfels, B.},
     TITLE = {Combinatorial commutative algebra},
    SERIES = {Graduate Texts in Mathematics},
    VOLUME = {227},
 PUBLISHER = {Springer-Verlag, New York},
      YEAR = {2005},
     PAGES = {xiv+417},
      ISBN = {0-387-22356-8},
   MRCLASS = {13-01 (05-01 05E99 13D02 14M15 14M25)},
  MRNUMBER = {2110098 (2006d:13001)},
MRREVIEWER = {Joseph Gubeladze},
}

@book {OrlikTerao,
    AUTHOR = {Orlik, P. and Terao, H.},
     TITLE = {Arrangements of hyperplanes},
    SERIES = {Grundlehren der Mathematischen Wissenschaften [Fundamental
              Principles of Mathematical Sciences]},
    VOLUME = {300},
 PUBLISHER = {Springer-Verlag, Berlin},
      YEAR = {1992},
     PAGES = {xviii+325},
      ISBN = {3-540-55259-6},
   MRCLASS = {52B30 (14F35 20F36 20F55 32S25 57N65)},
  MRNUMBER = {1217488 (94e:52014)},
MRREVIEWER = {Michel Yves Jambu},
       DOI = {10.1007/978-3-662-02772-1},
}

@book {Thesis,
    AUTHOR = {Schenck, H.},
     TITLE = {Homological methods in the theory of splines},
      NOTE = {Thesis (Ph.D.)--Cornell University},
 PUBLISHER = {ProQuest LLC, Ann Arbor, MI},
      YEAR = {1997},
     PAGES = {97},
      ISBN = {978-0591-37364-6},
   MRCLASS = {Thesis},
  MRNUMBER = {2695686},
       URL =              {http://gateway.proquest.com/openurl?url_ver=Z39.88-2004&rft_val_fmt=info:ofi/fmt:kev:mtx:dissertation&res_dat=xri:pqdiss&rft_dat=xri:pqdiss:9728385},
}

@book {Weibel,
	AUTHOR = {Weibel, C.},
	TITLE = {An introduction to homological algebra},
	SERIES = {Cambridge Studies in Advanced Mathematics},
	VOLUME = {38},
	PUBLISHER = {Cambridge University Press, Cambridge},
	YEAR = {1994},
	PAGES = {xiv+450},
	ISBN = {0-521-43500-5; 0-521-55987-1},
	MRCLASS = {18-01 (16-01 17-01 20-01 55Uxx)},
	MRNUMBER = {1269324 (95f:18001)},
	MRREVIEWER = {Kenneth A. Brown},
	DOI = {10.1017/CBO9781139644136},
}

@book {Zie,
    AUTHOR = {Ziegler, G.},
     TITLE = {Lectures on polytopes},
    SERIES = {Graduate Texts in Mathematics},
    VOLUME = {152},
 PUBLISHER = {Springer-Verlag, New York},
      YEAR = {1995},
     PAGES = {x+370},
      ISBN = {0-387-94365-X},
   MRCLASS = {52Bxx},
  MRNUMBER = {1311028 (96a:52011)},
MRREVIEWER = {Margaret M. Bayer},
       DOI = {10.1007/978-1-4613-8431-1},
}

% Collections

@incollection {Ciliberto,
    AUTHOR = {Ciliberto, C.},
     TITLE = {Geometric aspects of polynomial interpolation in more
              variables and of {W}aring's problem},
 BOOKTITLE = {European {C}ongress of {M}athematics, {V}ol. {I} ({B}arcelona,
              2000)},
    SERIES = {Progr. Math.},
    VOLUME = {201},
     PAGES = {289--316},
 PUBLISHER = {Birkh\"auser, Basel},
      YEAR = {2001},
   MRCLASS = {14J99 (14F17)},
  MRNUMBER = {1905326 (2003i:14058)},
MRREVIEWER = {James E. Alexander},
}

@incollection {Geramita,
    AUTHOR = {Geramita, A.},
     TITLE = {Inverse systems of fat points: {W}aring's problem, secant
              varieties of {V}eronese varieties and parameter spaces for
              {G}orenstein ideals},
 BOOKTITLE = {The {C}urves {S}eminar at {Q}ueen's, {V}ol.\ {X} ({K}ingston,
              {ON}, 1995)},
    SERIES = {Queen's Papers in Pure and Appl. Math.},
    VOLUME = {102},
     PAGES = {2--114},
 PUBLISHER = {Queen's Univ., Kingston, ON},
      YEAR = {1996},
   MRCLASS = {13D40 (13C13 14M05)},
  MRNUMBER = {1381732 (97h:13012)},
MRREVIEWER = {Martin Kreuzer},
}

@incollection {Jimmy,
    AUTHOR = {Shan, J.},
     TITLE = {Lower bound on the dimension of trivariate splines on cells},
 BOOKTITLE = {Approximation theory {XIV}: {S}an {A}ntonio 2013},
    SERIES = {Springer Proc. Math. Stat.},
    VOLUME = {83},
     PAGES = {309--333},
 PUBLISHER = {Springer, Cham},
      YEAR = {2014},
   MRCLASS = {41A15 (13A99 13F55 65D07)},
  MRNUMBER = {3218584},
       DOI = {10.1007/978-3-319-06404-8_18},
       URL = {http://dx.doi.org/10.1007/978-3-319-06404-8_18},
}

@incollection {WhiteleyM,
    AUTHOR = {Whiteley, W.},
     TITLE = {A matrix for splines},
 BOOKTITLE = {Progress in approximation theory},
     PAGES = {821--828},
 PUBLISHER = {Academic Press, Boston, MA},
      YEAR = {1991},
   MRCLASS = {65D07 (41A15)},
  MRNUMBER = {1114817 (93b:65019)},
}

@incollection {WhiteleyComb,
    AUTHOR = {Whiteley, W.},
     TITLE = {The combinatorics of bivariate splines},
 BOOKTITLE = {Applied geometry and discrete mathematics},
    SERIES = {DIMACS Ser. Discrete Math. Theoret. Comput. Sci.},
    VOLUME = {4},
     PAGES = {587--608},
 PUBLISHER = {Amer. Math. Soc., Providence, RI},
      YEAR = {1991},
   MRCLASS = {41A15 (52B55)},
  MRNUMBER = {1116378 (92m:41038)},
MRREVIEWER = {Wolfgang Boehm},
}

@incollection {WhiteleyMatroids,
    AUTHOR = {Whiteley, W.},
     TITLE = {Some matroids from discrete applied geometry},
 BOOKTITLE = {Matroid theory ({S}eattle, {WA}, 1995)},
    SERIES = {Contemp. Math.},
    VOLUME = {197},
     PAGES = {171--311},
 PUBLISHER = {Amer. Math. Soc., Providence, RI},
      YEAR = {1996},
   MRCLASS = {05B35 (52B40 55U15 68U10)},
  MRNUMBER = {1411692 (97h:05040)},
MRREVIEWER = {Tiong Seng Tay},
       DOI = {10.1090/conm/197/02540},
       URL = {http://dx.doi.org/10.1090/conm/197/02540},
}

% Articles
@article {Terao-Arrangements-of-hyperplanes-I,
	AUTHOR = {Terao, Hiroaki},
	TITLE = {Arrangements of hyperplanes and their freeness. {I}},
	JOURNAL = {J. Fac. Sci. Univ. Tokyo Sect. IA Math.},
	FJOURNAL = {Journal of the Faculty of Science. University of Tokyo.
	Section IA. Mathematics},
	VOLUME = {27},
	YEAR = {1980},
	NUMBER = {2},
	PAGES = {293--312},
	ISSN = {0040-8980},
	MRCLASS = {32C40 (05B25 51F15 52A37)},
	MRNUMBER = {586451},
	MRREVIEWER = {P.\ Orlik},
}

@article {Terao-Arrangements-of-hyperplanes-II,
	AUTHOR = {Terao, Hiroaki},
	TITLE = {Arrangements of hyperplanes and their freeness. {II}. {T}he
	{C}oxeter equality},
	JOURNAL = {J. Fac. Sci. Univ. Tokyo Sect. IA Math.},
	FJOURNAL = {Journal of the Faculty of Science. University of Tokyo.
	Section IA. Mathematics},
	VOLUME = {27},
	YEAR = {1980},
	NUMBER = {2},
	PAGES = {313--320},
	ISSN = {0040-8980},
	MRCLASS = {32C40 (05B25 51F15 52A37)},
	MRNUMBER = {586452},
	MRREVIEWER = {P.\ Orlik},
}

@article {Abe-Terao-Wakefield-Euler-2008,
	AUTHOR = {Abe, Takuro and Terao, Hiroaki and Wakefield, Max},
	TITLE = {The {E}uler multiplicity and addition-deletion theorems for
	multiarrangements},
	JOURNAL = {J. Lond. Math. Soc. (2)},
	FJOURNAL = {Journal of the London Mathematical Society. Second Series},
	VOLUME = {77},
	YEAR = {2008},
	NUMBER = {2},
	PAGES = {335--348},
	ISSN = {0024-6107,1469-7750},
	MRCLASS = {32S22 (52C35)},
	MRNUMBER = {2400395},
	MRREVIEWER = {Alexander\ I.\ Suciu},
	DOI = {10.1112/jlms/jdm110},
	URL = {https://doi.org/10.1112/jlms/jdm110},
}

@article {Samet-Basis-2024,
	AUTHOR = {Fi\c sekci, Seher and Sar\i o\u glan, Samet},
	TITLE = {Basis condition for generalized spline modules},
	JOURNAL = {J. Algebraic Combin.},
	FJOURNAL = {Journal of Algebraic Combinatorics. An International Journal},
	VOLUME = {59},
	YEAR = {2024},
	NUMBER = {2},
	PAGES = {359--369},
	ISSN = {0925-9899,1572-9192},
	MRCLASS = {05C78 (15A15)},
	MRNUMBER = {4713505},
	MRREVIEWER = {Christopher\ Park\ Mooney},
	DOI = {10.1007/s10801-023-01290-y},
	URL = {https://doi.org/10.1007/s10801-023-01290-y},
}

@article {MichaelBeihui,
	AUTHOR = {DiPasquale, M. and Yuan, B.},
	TITLE = {Bivariate splines on a triangulation with a single totally
	interior edge},
	JOURNAL = {SIAM J. Appl. Algebra Geom.},
	FJOURNAL = {SIAM Journal on Applied Algebra and Geometry},
	VOLUME = {8},
	YEAR = {2024},
	NUMBER = {3},
	PAGES = {686--712},
	ISSN = {2470-6566},
	MRCLASS = {41A15 (11P21 13P10 13P25)},
	MRNUMBER = {4789296},
	DOI = {10.1137/23M158317X},
	URL = {https://doi.org/10.1137/23M158317X},
}

@article {Michael-Nelly-CT,
	AUTHOR = {DiPasquale, M. and Villamizar, N.},
	TITLE = {A lower bound for the dimension of tetrahedral splines in
	large degree},
	JOURNAL = {Constr. Approx.},
	FJOURNAL = {Constructive Approximation. An International Journal for
	Approximations and Expansions},
	VOLUME = {59},
	YEAR = {2024},
	NUMBER = {1},
	PAGES = {1--30},
	ISSN = {0176-4276,1432-0940},
	MRCLASS = {65D07 (13D02 41A15)},
	MRNUMBER = {4709356},
	MRREVIEWER = {Tian-Xiao\ He},
	DOI = {10.1007/s00365-023-09625-5},
	URL = {https://doi.org/10.1007/s00365-023-09625-5},
}

@article {Michael-Nelly-SIAGA,
	AUTHOR = {DiPasquale, M. and Villamizar, N.},
	TITLE = {A lower bound for splines on tetrahedral vertex stars},
	JOURNAL = {SIAM J. Appl. Algebra Geom.},
	FJOURNAL = {SIAM Journal on Applied Algebra and Geometry},
	VOLUME = {5},
	YEAR = {2021},
	NUMBER = {2},
	PAGES = {250--277},
	ISSN = {2470-6566},
	MRCLASS = {65D07 (13D02 41A15)},
	MRNUMBER = {4272902},
	DOI = {10.1137/20M1341118},
	URL = {https://doi.org/10.1137/20M1341118},
}

@InProceedings{Martina-Hal-Julina,
	author="Lanini, M.
	and Schenck, H.
	and Tymoczko, J.",
	editor="Lanini, M.
	and Manni, C.
	and Schenck, H.",
	title="The Algebra of Splines: Duality, Group Actions and Homology",
	booktitle="Approximation Theory and Numerical Analysis Meet Algebra, Geometry, Topology",
	year="2024",
	publisher="Springer Nature Singapore",
	pages="1--44",
}

@article {Gilbert-Tymoczko-Viel-2016,
	AUTHOR = {Gilbert, Simcha and Tymoczko, Julianna and Viel, Shira},
	TITLE = {Generalized splines on arbitrary graphs},
	JOURNAL = {Pacific J. Math.},
	FJOURNAL = {Pacific Journal of Mathematics},
	VOLUME = {281},
	YEAR = {2016},
	NUMBER = {2},
	PAGES = {333--364},
	ISSN = {0030-8730,1945-5844},
	MRCLASS = {05C78 (05C25 05E15 55N25)},
	MRNUMBER = {3463040},
	MRREVIEWER = {Christopher\ Park\ Mooney},
	DOI = {10.2140/pjm.2016.281.333},
	URL = {https://doi.org/10.2140/pjm.2016.281.333},
}

@InProceedings{Michael-cortona,
	author="DiPasquale, M.",
	editor="Lanini, M.
	and Manni, C.
	and Schenck, H.",
	title="Restriction and Extension for Planar Splines on Triangulations",
	booktitle="Approximation Theory and Numerical Analysis Meet Algebra, Geometry, Topology",
	year="2024",
	publisher="Springer Nature Singapore",
	pages="149--172",
}

@InProceedings{Carla-Tanya,
	author="Manni, C.
	and Sorokina, T.",
	editor="Lanini, M.
	and Manni, C.
	and Schenck, H.",
	title="Bernstein-{B}{\'e}zier Form and its Role in Studying Multivariate Splines",
	booktitle="Approximation Theory and Numerical Analysis Meet Algebra, Geometry, Topology",
	year="2024",
	publisher="Springer Nature Singapore",
	pages="45--70",
	isbn="978-981-97-6508-9"
}

@article {Deepesh-Nelly-supers,
	AUTHOR = {Toshniwal, D. and Villamizar, N.},
	TITLE = {Algebraic methods to study the dimension of supersmooth spline
	spaces},
	JOURNAL = {Adv. in Appl. Math.},
	FJOURNAL = {Advances in Applied Mathematics},
	VOLUME = {142},
	YEAR = {2023},
	PAGES = {102412, 30},
	ISSN = {0196-8858},
	MRCLASS = {13P25 (13D02 41A15 65D07)},
	MRNUMBER = {4473641},
	MRREVIEWER = {Christopher Park Mooney},
	DOI = {10.1016/j.aam.2022.102412},
	URL = {https://doi.org/10.1016/j.aam.2022.102412},
}

@article {BH2010,
    AUTHOR = {Bocci, C. and Harbourne, B.},
     TITLE = {Comparing powers and symbolic powers of ideals},
   JOURNAL = {J. Algebraic Geom.},
  FJOURNAL = {Journal of Algebraic Geometry},
    VOLUME = {19},
      YEAR = {2010},
    NUMBER = {3},
     PAGES = {399--417},
      ISSN = {1056-3911},
   MRCLASS = {13F20 (13A15)},
  MRNUMBER = {2629595},
MRREVIEWER = {Irena Swanson},
       DOI = {10.1090/S1056-3911-09-00530-X},
}

@article {YS19,
    AUTHOR = {Yuan, B. and Stillman, M.},
     TITLE = {A counter-example to the {S}chenck-{S}tiller ``{$2r+1$}''
              conjecture},
   JOURNAL = {Adv. in Appl. Math.},
  FJOURNAL = {Advances in Applied Mathematics},
    VOLUME = {110},
      YEAR = {2019},
     PAGES = {33--41},
      ISSN = {0196-8858},
   MRCLASS = {13P20 (13P25 41A15)},
  MRNUMBER = {3957480},
       DOI = {10.1016/j.aam.2019.04.004},
}

@article {AS3r,
    AUTHOR = {Alfeld, P. and Schumaker, L.},
     TITLE = {On the dimension of bivariate spline spaces of smoothness
              {$r$} and degree {$d=3r+1$}},
   JOURNAL = {Numer. Math.},
  FJOURNAL = {Numerische Mathematik},
    VOLUME = {57},
      YEAR = {1990},
    NUMBER = {6-7},
     PAGES = {651--661},
      ISSN = {0029-599X},
     CODEN = {NUMMA7},
   MRCLASS = {65D07},
  MRNUMBER = {1062372 (91h:65022)},
       DOI = {10.1007/BF01386434},
}
		
@article {AS4r,
    AUTHOR = {Alfeld, P. and Schumaker, L.},
     TITLE = {The dimension of bivariate spline spaces of smoothness {$r$}
              for degree {$d\geq 4r+1$}},
   JOURNAL = {Constr. Approx.},
  FJOURNAL = {Constructive Approximation. An International Journal for
              Approximations and Expansions},
    VOLUME = {3},
      YEAR = {1987},
    NUMBER = {2},
     PAGES = {189--197},
      ISSN = {0176-4276},
   MRCLASS = {41A15 (41A63)},
  MRNUMBER = {889554 (88e:41025)},
MRREVIEWER = {K. Jetter},
       DOI = {10.1007/BF01890563},
}

@article {APSr14,
    AUTHOR = {Alfeld, P. and Piper, B. and Schumaker, L.},
     TITLE = {An explicit basis for {$C^1$} quartic bivariate splines},
   JOURNAL = {SIAM J. Numer. Anal.},
  FJOURNAL = {SIAM Journal on Numerical Analysis},
    VOLUME = {24},
      YEAR = {1987},
    NUMBER = {4},
     PAGES = {891--911},
      ISSN = {0036-1429},
     CODEN = {SJNAAM},
   MRCLASS = {41A15 (65D07)},
  MRNUMBER = {899711 (88i:41014)},
MRREVIEWER = {R. A. Lorentz},
       DOI = {10.1137/0724058},
       URL = {http://dx.doi.org/10.1137/0724058},
}

@article {LocSup,
    AUTHOR = {Alfeld, P. and Schumaker, L. and Sirvent, M.},
     TITLE = {On dimension and existence of local bases for multivariate
              spline spaces},
   JOURNAL = {J. Approx. Theory},
  FJOURNAL = {Journal of Approximation Theory},
    VOLUME = {70},
      YEAR = {1992},
    NUMBER = {2},
     PAGES = {243--264},
      ISSN = {0021-9045},
     CODEN = {JAXTAZ},
   MRCLASS = {41A15 (41A63 65D07)},
  MRNUMBER = {1172021 (93f:41015)},
MRREVIEWER = {Zygmunt Wronicz},
       DOI = {10.1016/0021-9045(92)90087-5},
}

@article {ASWTet,
    AUTHOR = {Alfeld, P. and Schumaker,  L. and Whiteley, W.},
     TITLE = {The generic dimension of the space of {$C^1$} splines of
              degree {$d\geq 8$} on tetrahedral decompositions},
   JOURNAL = {SIAM J. Numer. Anal.},
  FJOURNAL = {SIAM Journal on Numerical Analysis},
    VOLUME = {30},
      YEAR = {1993},
    NUMBER = {3},
     PAGES = {889--920},
      ISSN = {0036-1429},
     CODEN = {SJNAAM},
   MRCLASS = {65D07 (41A15 41A63)},
  MRNUMBER = {1220660 (94g:65013)},
MRREVIEWER = {Georgi Grozev},
       DOI = {10.1137/0730047},
}

@article {NonEx,
    AUTHOR = {Alfeld, P. and Schumaker, L.},
     TITLE = {Nonexistence of star-supported spline bases},
   JOURNAL = {SIAM J. Math. Anal.},
  FJOURNAL = {SIAM Journal on Mathematical Analysis},
    VOLUME = {31},
      YEAR = {1999/00},
    NUMBER = {2},
     PAGES = {455--465 (electronic)},
      ISSN = {0036-1410},
   MRCLASS = {41A15 (41A63 65D07)},
  MRNUMBER = {1740946 (2000j:41011)},
MRREVIEWER = {Zygmunt Wronicz},
       DOI = {10.1137/S0036141098342349},
}

@article {RegSplines,
    AUTHOR = {DiPasquale, Michael},
     TITLE = {Dimension of mixed splines on polytopal cells},
   JOURNAL = {Math. Comp.},
  FJOURNAL = {Mathematics of Computation},
    VOLUME = {87},
      YEAR = {2018},
    NUMBER = {310},
     PAGES = {905--939},
      ISSN = {0025-5718},
   MRCLASS = {13P25 (13D02 13P20 52B70)},
  MRNUMBER = {3739223},
MRREVIEWER = {Nelly Villamizar},
       DOI = {10.1090/mcom/3224},
       URL = {https://doi.org/10.1090/mcom/3224},
}

@article {AssHom,
	AUTHOR = {DiPasquale, M.},
	TITLE = {Associated primes of spline complexes},
	JOURNAL = {J. Symbolic Comput.},
	FJOURNAL = {Journal of Symbolic Computation},
	VOLUME = {76},
	YEAR = {2016},
	PAGES = {158--199},
	ISSN = {0747-7171},
	MRCLASS = {41A15 (13D02 13D40 52B70)},
	MRNUMBER = {3461264},
	MRREVIEWER = {Satoshi Murai},
	DOI = {10.1016/j.jsc.2016.01.004},
}

@article {ANS96,
	AUTHOR = {Alfeld, P. and Neamtu, M. and Schumaker, L.},
	TITLE = {Dimension and local bases of homogeneous spline spaces},
	JOURNAL = {SIAM J. Math. Anal.},
	FJOURNAL = {SIAM Journal on Mathematical Analysis},
	VOLUME = {27},
	YEAR = {1996},
	NUMBER = {5},
	PAGES = {1482--1501},
	ISSN = {0036-1410},
	MRCLASS = {41A63 (65D07)},
	MRNUMBER = {1402451},
	MRREVIEWER = {David R. Hill},
	DOI = {10.1137/S0036141094276275},
}

@article {Tri,
    AUTHOR = {Alfeld, P. and Schumaker, L.},
     TITLE = {Bounds on the dimensions of trivariate spline spaces},
   JOURNAL = {Adv. Comput. Math.},
  FJOURNAL = {Advances in Computational Mathematics},
    VOLUME = {29},
      YEAR = {2008},
    NUMBER = {4},
     PAGES = {315--335},
      ISSN = {1019-7168},
   MRCLASS = {41A15 (41A63 65D07)},
  MRNUMBER = {2447251 (2009f:41016)},
MRREVIEWER = {Ljubi{\v{s}}a M. Koci{\'c}},
       DOI = {10.1007/s10444-007-9051-6},
}

@article {Homology,
    AUTHOR = {Billera, L.},
     TITLE = {Homology of smooth splines: generic triangulations and a
              conjecture of {S}trang},
   JOURNAL = {Trans. Amer. Math. Soc.},
  FJOURNAL = {Transactions of the American Mathematical Society},
    VOLUME = {310},
      YEAR = {1988},
    NUMBER = {1},
     PAGES = {325--340},
      ISSN = {0002-9947},
     CODEN = {TAMTAM},
   MRCLASS = {41A15 (65D07)},
  MRNUMBER = {965757 (89k:41010)},
MRREVIEWER = {L. L. Schumaker},
       DOI = {10.2307/2001125},
}

@article {Alg,
    AUTHOR = {Billera, L.},
     TITLE = {The algebra of continuous piecewise polynomials},
   JOURNAL = {Adv. Math.},
  FJOURNAL = {Advances in Mathematics},
    VOLUME = {76},
      YEAR = {1989},
    NUMBER = {2},
     PAGES = {170--183},
      ISSN = {0001-8708},
     CODEN = {ADMTA4},
   MRCLASS = {13C13 (65D07)},
  MRNUMBER = {1013666 (90g:13021)},
MRREVIEWER = {Ralf Fr{\"o}berg},
       DOI = {10.1016/0001-8708(89)90047-9},
}

@article {DimSeries,
    AUTHOR = {Billera, L. and Rose, L.},
     TITLE = {A dimension series for multivariate splines},
   JOURNAL = {Discrete Comput. Geom.},
  FJOURNAL = {Discrete \& Computational Geometry. An International Journal
              of Mathematics and Computer Science},
    VOLUME = {6},
      YEAR = {1991},
    NUMBER = {2},
     PAGES = {107--128},
      ISSN = {0179-5376},
     CODEN = {DCGEER},
   MRCLASS = {41A15 (13P10 41A63 52B20 68Q40)},
  MRNUMBER = {1083627 (92g:41010)},
       DOI = {10.1007/BF02574678},
}

@article {Modules,
    AUTHOR = {Billera, L. and Rose, L.},
     TITLE = {Modules of piecewise polynomials and their freeness},
   JOURNAL = {Math. Z.},
  FJOURNAL = {Mathematische Zeitschrift},
    VOLUME = {209},
      YEAR = {1992},
    NUMBER = {4},
     PAGES = {485--497},
      ISSN = {0025-5874},
     CODEN = {MAZEAX},
   MRCLASS = {52B20 (13C13 52B70 65D07)},
  MRNUMBER = {1156431 (93f:52017)},
MRREVIEWER = {P. Schenzel},
       DOI = {10.1007/BF02570848},
}

@article {Structural,
    AUTHOR = {Crapo, H. and Ryan, J.},
     TITLE = {R\'ealisations spatiales des sc\`enes lin\'eaires},
      NOTE = {Dual French-English text},
   JOURNAL = {Structural Topology},
  FJOURNAL = {Structural Topology. Topologie Structurale},
    NUMBER = {13},
      YEAR = {1986},
     PAGES = {33--68},
      ISSN = {0226-9171},
   MRCLASS = {51N99 (52A99)},
  MRNUMBER = {880673 (88d:51017)},
MRREVIEWER = {B. G. Roth},
}

@article {CanonicalHB,
    AUTHOR = {Conca, A. and Valla, G.},
     TITLE = {Canonical {H}ilbert-{B}urch matrices for ideals of {$k[x,y]$}},
      NOTE = {Special volume in honor of Melvin Hochster},
   JOURNAL = {Michigan Math. J.},
  FJOURNAL = {Michigan Mathematical Journal},
    VOLUME = {57},
      YEAR = {2008},
     PAGES = {157--172},
      ISSN = {0026-2285},
   MRCLASS = {13F20},
  MRNUMBER = {2492446 (2009k:13042)},
MRREVIEWER = {{\c{S}}erban B{\u{a}}rc{\u{a}}nescu},
       DOI = {10.1307/mmj/1220879402},
}

@article {Courant,
    AUTHOR = {Courant, R.},
     TITLE = {Variational methods for the solution of problems of
              equilibrium and vibrations},
   JOURNAL = {Bull. Amer. Math. Soc.},
  FJOURNAL = {Bulletin of the American Mathematical Society},
    VOLUME = {49},
      YEAR = {1943},
     PAGES = {1--23},
      ISSN = {0002-9904},
   MRCLASS = {49.0X},
  MRNUMBER = {0007838 (4,200e)},
MRREVIEWER = {A. E. Heins},
}

@incollection {Ziegler-Multiarrangements-1989,
	AUTHOR = {Ziegler, G\"unter M.},
	TITLE = {Multiarrangements of hyperplanes and their freeness},
	BOOKTITLE = {Singularities ({I}owa {C}ity, {IA}, 1986)},
	SERIES = {Contemp. Math.},
	VOLUME = {90},
	PAGES = {345--359},
	PUBLISHER = {Amer. Math. Soc., Providence, RI},
	YEAR = {1989},
	ISBN = {0-8218-5096-2},
	MRCLASS = {32C40 (05B35)},
	MRNUMBER = {1000610},
	MRREVIEWER = {Hiroaki\ Terao},
	DOI = {10.1090/conm/090/1000610},
	URL = {https://doi.org/10.1090/conm/090/1000610},
}

@article {LS,
    AUTHOR = {DiPasquale, M.},
     TITLE = {Lattice-supported splines on polytopal complexes},
   JOURNAL = {Adv. in Appl. Math.},
  FJOURNAL = {Advances in Applied Mathematics},
    VOLUME = {55},
      YEAR = {2014},
     PAGES = {1--21},
      ISSN = {0196-8858},
   MRCLASS = {41A15 (13D05 13D40 13F55 13P25 52B12)},
  MRNUMBER = {3176714},
MRREVIEWER = {Matthew T. Stamps},
       DOI = {10.1016/j.aam.2013.12.002},
}
		
@article {Shell,
    AUTHOR = {DiPasquale, M.},
     TITLE = {Shellability and freeness of continuous splines},
   JOURNAL = {J. Pure Appl. Algebra},
  FJOURNAL = {Journal of Pure and Applied Algebra},
    VOLUME = {216},
      YEAR = {2012},
    NUMBER = {11},
     PAGES = {2519--2523},
      ISSN = {0022-4049},
     CODEN = {JPAAA2},
   MRCLASS = {13D02 (13F55 41A15)},
  MRNUMBER = {2927183},
MRREVIEWER = {Zygmunt Wronicz},
       DOI = {10.1016/j.jpaa.2012.03.010},
}

@article {Iarrobino,
    AUTHOR = {Emsalem, J. and Iarrobino, A.},
     TITLE = {Inverse system of a symbolic power. {I}},
   JOURNAL = {J. Algebra},
  FJOURNAL = {Journal of Algebra},
    VOLUME = {174},
      YEAR = {1995},
    NUMBER = {3},
     PAGES = {1080--1090},
      ISSN = {0021-8693},
     CODEN = {JALGA4},
   MRCLASS = {13D99 (13N10)},
  MRNUMBER = {1337186 (96i:13017)},
MRREVIEWER = {P. Schenzel},
       DOI = {10.1006/jabr.1995.1168},
}

@article {GHMFatPoint,
    AUTHOR = {Geramita, A.  and Harbourne, B. and Migliore, J.},
     TITLE = {Classifying {H}ilbert functions of fat point subschemes in
              {$\Bbb P^2$}},
   JOURNAL = {Collect. Math.},
  FJOURNAL = {Universitat de Barcelona. Collectanea Mathematica},
    VOLUME = {60},
      YEAR = {2009},
    NUMBER = {2},
     PAGES = {159--192},
      ISSN = {0010-0757},
     CODEN = {COLMBA},
   MRCLASS = {13D40 (13D02)},
  MRNUMBER = {2514843 (2010g:13025)},
MRREVIEWER = {Elena Guardo},
       DOI = {10.1007/BF03191208},
}

@article {CHT11,
	AUTHOR = {Cooper, S. and Harbourne, B. and Teitler, Z.},
	TITLE = {Combinatorial bounds on {H}ilbert functions of fat points in
	projective space},
	JOURNAL = {J. Pure Appl. Algebra},
	FJOURNAL = {Journal of Pure and Applied Algebra},
	VOLUME = {215},
	YEAR = {2011},
	NUMBER = {9},
	PAGES = {2165--2179},
	ISSN = {0022-4049},
	MRCLASS = {13D40 (14C99 14Q99)},
	MRNUMBER = {2786607},
	MRREVIEWER = {Adam L. Van Tuyl},
	DOI = {10.1016/j.jpaa.2010.12.006},
}

@article {CHT09,
	AUTHOR = {Cooper, S. and Harbourne, B. and Teitler, Z.},
	TITLE = {Combinatorial bounds on {H}ilbert functions of fat points in
	projective space},
	JOURNAL = {\href{https://arxiv.org/abs/0912.1915v1}{arXiv:0912.1915v1} },
	YEAR = {2009},
	VOLUME = {v1},
}


@article {FatPoints,
    AUTHOR = {Geramita, A. and Schenck, H.},
     TITLE = {Fat points, inverse systems, and piecewise polynomial
              functions},
   JOURNAL = {J. Algebra},
  FJOURNAL = {Journal of Algebra},
    VOLUME = {204},
      YEAR = {1998},
    NUMBER = {1},
     PAGES = {116--128},
      ISSN = {0021-8693},
     CODEN = {JALGA4},
   MRCLASS = {13D40 (13C13 65D07)},
  MRNUMBER = {1623949 (99d:13019)},
MRREVIEWER = {Martin Kreuzer},
       DOI = {10.1006/jabr.1997.7361},
}

@article {glp,
    AUTHOR = {Gruson, L. and Lazarsfeld, R. and Peskine, C.},
     TITLE = {On a theorem of {C}astelnuovo, and the equations defining
              space curves},
   JOURNAL = {Invent. Math.},
  FJOURNAL = {Inventiones Mathematicae},
    VOLUME = {72},
      YEAR = {1983},
    NUMBER = {3},
     PAGES = {491--506},
      ISSN = {0020-9910},
     CODEN = {INVMBH},
   MRCLASS = {14H45 (14F05)},
  MRNUMBER = {704401 (85g:14033)},
MRREVIEWER = {Fabrizio Catanese},
       DOI = {10.1007/BF01398398},
}

@article {HongDong,
    AUTHOR = {Hong, D.},
     TITLE = {Spaces of bivariate spline functions over triangulation},
   JOURNAL = {Approx. Theory Appl.},
  FJOURNAL = {Approximation Theory and its Applications},
    VOLUME = {7},
      YEAR = {1991},
    NUMBER = {1},
     PAGES = {56--75},
      ISSN = {1000-9221},
   MRCLASS = {65D07 (41A15 41A63)},
  MRNUMBER = {1117308 (92f:65016)},
MRREVIEWER = {Peter Alfeld},
}

@article {SuperSpline,
    AUTHOR = {Ibrahim, A. and Schumaker, L.},
     TITLE = {Super spline spaces of smoothness {$r$} and degree {$d\geq
              3r+2$}},
   JOURNAL = {Constr. Approx.},
  FJOURNAL = {Constructive Approximation. An International Journal for
              Approximations and Expansions},
    VOLUME = {7},
      YEAR = {1991},
    NUMBER = {3},
     PAGES = {401--423},
      ISSN = {0176-4276},
   MRCLASS = {41A15 (41A63)},
  MRNUMBER = {1120412 (92k:41017)},
MRREVIEWER = {R. N. Mohapatra},
       DOI = {10.1007/BF01888166},
}

@article {TSchenck09,
    AUTHOR = {McDonald, T. and Schenck, H.},
     TITLE = {Piecewise polynomials on polyhedral complexes},
   JOURNAL = {Adv. in Appl. Math.},
  FJOURNAL = {Advances in Applied Mathematics},
    VOLUME = {42},
      YEAR = {2009},
    NUMBER = {1},
     PAGES = {82--93},
      ISSN = {0196-8858},
   MRCLASS = {41A15 (13D40 41A63 52C99)},
  MRNUMBER = {2475315 (2009k:41013)},
MRREVIEWER = {Peter Alfeld},
       DOI = {10.1016/j.aam.2008.06.001},
}

@article {TMcD,
    AUTHOR = {McDonald, T.},
     TITLE = {Splines with boundary conditions},
   JOURNAL = {Comput. Math. Appl.},
  FJOURNAL = {Computers \& Mathematics with Applications. An International
              Journal},
    VOLUME = {54},
      YEAR = {2007},
    NUMBER = {9-10},
     PAGES = {1234--1239},
      ISSN = {0898-1221},
     CODEN = {CMAPDK},
   MRCLASS = {65D07 (13F55 41A15)},
  MRNUMBER = {2397674 (2009b:65021)},
MRREVIEWER = {Simon Foucart},
       DOI = {10.1016/j.camwa.2006.10.034},
}

@article {Lau,
    AUTHOR = {Lau, W.},
     TITLE = {A lower bound for the dimension of trivariate spline spaces},
   JOURNAL = {Constr. Approx.},
  FJOURNAL = {Constructive Approximation. An International Journal for
              Approximations and Expansions},
    VOLUME = {23},
      YEAR = {2006},
    NUMBER = {1},
     PAGES = {23--31},
      ISSN = {0176-4276},
   MRCLASS = {41A63 (41A15)},
  MRNUMBER = {2176225 (2006g:41069)},
MRREVIEWER = {Gregory E. Fasshauer},
       DOI = {10.1007/s00365-005-0596-7},
}

@article {Stefan,
    AUTHOR = {Min{\'a}{\v{c}}, J. and Toh{\v{a}}neanu,\c{S}.},
     TITLE = {From spline approximation to {R}oth's equation and {S}chur
              functors},
   JOURNAL = {Manuscripta Math.},
  FJOURNAL = {Manuscripta Mathematica},
    VOLUME = {142},
      YEAR = {2013},
    NUMBER = {1-2},
     PAGES = {101--126},
      ISSN = {0025-2611},
   MRCLASS = {41A15 (13D02 15A23 52B70)},
  MRNUMBER = {3081001},
MRREVIEWER = {Henry K. Schenck},
       DOI = {10.1007/s00229-012-0594-6},
}

@article {Stefan2r,
	AUTHOR = {Toh\v{a}neanu, \c{S}.},
	TITLE = {Smooth planar {$r$}-splines of degree {$2r$}},
	JOURNAL = {J. Approx. Theory},
	FJOURNAL = {Journal of Approximation Theory},
	VOLUME = {132},
	YEAR = {2005},
	NUMBER = {1},
	PAGES = {72--76},
	ISSN = {0021-9045},
	MRCLASS = {13D40 (13F55 52B20 65D07)},
	MRNUMBER = {2110576},
	DOI = {10.1016/j.jat.2004.10.011},
}

@article {Morgan,
    AUTHOR = {Morgan, J. and Scott, R.},
     TITLE = {A nodal basis for {$C^{1}$} piecewise polynomials of degree
              {$n\geq 5$}},
   JOURNAL = {Math. Comput.},
  FJOURNAL = {Mathematics and Computers in Simulation},
    VOLUME = {29},
      YEAR = {1975},
     PAGES = {736--740},
      ISSN = {0378-4754},
   MRCLASS = {65D15},
  MRNUMBER = {0375740 (51 \#11930)},
MRREVIEWER = {Charles K. Chui},
}

@article {D2,
    AUTHOR = {Mourrain, B. and Villamizar, N.},
     TITLE = {Homological techniques for the analysis of the dimension of
              triangular spline spaces},
   JOURNAL = {J. Symbolic Comput.},
  FJOURNAL = {Journal of Symbolic Computation},
    VOLUME = {50},
      YEAR = {2013},
     PAGES = {564--577},
      ISSN = {0747-7171},
   MRCLASS = {41A15 (55U10 65D07)},
  MRNUMBER = {2996896},
MRREVIEWER = {Peter Alfeld},
       DOI = {10.1016/j.jsc.2012.10.002},
}

@article {M14,
	AUTHOR = {Mourrain, B.},
	TITLE = {On the dimension of spline spaces on planar {T}-meshes},
	JOURNAL = {Math. Comp.},
	FJOURNAL = {Mathematics of Computation},
	VOLUME = {83},
	YEAR = {2014},
	NUMBER = {286},
	PAGES = {847--871},
	ISSN = {0025-5718},
	MRCLASS = {65D07 (41A15)},
	MRNUMBER = {3143695},
	MRREVIEWER = {C. Ilioi},
	DOI = {10.1090/S0025-5718-2013-02738-X},
}

@article {D3,
    AUTHOR = {Mourrain, B. and Villamizar, N.},
     TITLE = {Bounds on the dimension of trivariate spline spaces: a
              homological approach},
   JOURNAL = {Math. Comput. Sci.},
  FJOURNAL = {Mathematics in Computer Science},
    VOLUME = {8},
      YEAR = {2014},
    NUMBER = {2},
     PAGES = {157--174},
      ISSN = {1661-8270},
   MRCLASS = {13D02 (41A15 57Q15)},
  MRNUMBER = {3224626},
MRREVIEWER = {Siamak Yassemi},
       DOI = {10.1007/s11786-014-0187-8},
}

@article {Paynes,
    AUTHOR = {Payne, S.},
     TITLE = {Equivariant {C}how cohomology of toric varieties},
   JOURNAL = {Math. Res. Lett.},
  FJOURNAL = {Mathematical Research Letters},
    VOLUME = {13},
      YEAR = {2006},
    NUMBER = {1},
     PAGES = {29--41},
      ISSN = {1073-2780},
   MRCLASS = {14M25 (14F43)},
  MRNUMBER = {2199564 (2007f:14052)},
       DOI = {10.4310/MRL.2006.v13.n1.a3},
}

@article {r2,
    AUTHOR = {Rose, L.},
     TITLE = {Graphs, syzygies, and multivariate splines},
   JOURNAL = {Discrete Comput. Geom.},
  FJOURNAL = {Discrete \& Computational Geometry. An International Journal
              of Mathematics and Computer Science},
    VOLUME = {32},
      YEAR = {2004},
    NUMBER = {4},
     PAGES = {623--637},
      ISSN = {0179-5376},
     CODEN = {DCGEER},
   MRCLASS = {41A15 (13D02 41A63 52B20)},
  MRNUMBER = {2096751 (2005g:41024)},
MRREVIEWER = {Henry K. Schenck},
       DOI = {10.1007/s00454-004-1141-3},
}
		
@article {r1,
    AUTHOR = {Rose, L.},
     TITLE = {Combinatorial and topological invariants of modules of
              piecewise polynomials},
   JOURNAL = {Adv. Math.},
  FJOURNAL = {Advances in Mathematics},
    VOLUME = {116},
      YEAR = {1995},
    NUMBER = {1},
     PAGES = {34--45},
      ISSN = {0001-8708},
     CODEN = {ADMTA4},
   MRCLASS = {13P99 (13D05)},
  MRNUMBER = {1361478 (97b:13036)},
MRREVIEWER = {Ralf Fr{\"o}berg},
       DOI = {10.1006/aima.1995.1063},
}

@article {Rose-Module-Bases,
	AUTHOR = {Rose, Lauren L.},
	TITLE = {Module bases for multivariate splines},
	JOURNAL = {J. Approx. Theory},
	FJOURNAL = {Journal of Approximation Theory},
	VOLUME = {86},
	YEAR = {1996},
	NUMBER = {1},
	PAGES = {13--20},
	ISSN = {0021-9045,1096-0430},
	MRCLASS = {41A63},
	MRNUMBER = {1397611},
	MRREVIEWER = {David\ R.\ Hill},
	DOI = {10.1006/jath.1996.0052},
	URL = {https://doi.org/10.1006/jath.1996.0052},
}

@article {MinReg,
    AUTHOR = {Schenck, H. and Stillman, M.},
     TITLE = {A family of ideals of minimal regularity and the {H}ilbert series of {$C^r(\hat \Delta)$}},
   JOURNAL = {Adv. in Appl. Math.},
  FJOURNAL = {Advances in Applied Mathematics},
    VOLUME = {19},
      YEAR = {1997},
    NUMBER = {2},
     PAGES = {169--182},
      ISSN = {0196-8858},
   MRCLASS = {13D40 (41A15 52B20 55U10)},
  MRNUMBER = {1459496 (98i:13030)},
MRREVIEWER = {P. Schenzel},
       DOI = {10.1006/aama.1997.0533},
}
		
@article {LCoho,
    AUTHOR = {Schenck, H. and Stillman, M.},
     TITLE = {Local cohomology of bivariate splines},
   JOURNAL = {J. Pure Appl. Algebra},
  FJOURNAL = {Journal of Pure and Applied Algebra},
    VOLUME = {117/118},
      YEAR = {1997},
     PAGES = {535--548},
      ISSN = {0022-4049},
     CODEN = {JPAAA2},
   MRCLASS = {13C10 (13D40 52B70 55N35 55U99)},
  MRNUMBER = {1457854 (99d:13011)},
       DOI = {10.1016/S0022-4049(97)00026-1},
}

@article {Spect,
    AUTHOR = {Schenck, H.},
     TITLE = {A spectral sequence for splines},
   JOURNAL = {Adv. in Appl. Math.},
  FJOURNAL = {Advances in Applied Mathematics},
    VOLUME = {19},
      YEAR = {1997},
    NUMBER = {2},
     PAGES = {183--199},
      ISSN = {0196-8858},
   MRCLASS = {13D40 (41A15 52B20 55U10)},
  MRNUMBER = {1459497 (98i:13031)},
MRREVIEWER = {P. Schenzel},
       DOI = {10.1006/aama.1997.0534},
}

@article {Chow,
    AUTHOR = {Schenck, H.},
     TITLE = {Equivariant {C}how cohomology of nonsimplicial toric
              varieties},
   JOURNAL = {Trans. Amer. Math. Soc.},
  FJOURNAL = {Transactions of the American Mathematical Society},
    VOLUME = {364},
      YEAR = {2012},
    NUMBER = {8},
     PAGES = {4041--4051},
      ISSN = {0002-9947},
     CODEN = {TAMTAM},
   MRCLASS = {14M25 (13D02 14F43)},
  MRNUMBER = {2912444},
MRREVIEWER = {Wenchuan Hu},
       DOI = {10.1090/S0002-9947-2012-05409-2},
}

@article {CohVan,
    AUTHOR = {Schenck, H. and Stiller, P.},
     TITLE = {Cohomology vanishing and a problem in approximation theory},
   JOURNAL = {Manuscripta Math.},
  FJOURNAL = {Manuscripta Mathematica},
    VOLUME = {107},
      YEAR = {2002},
    NUMBER = {1},
     PAGES = {43--58},
      ISSN = {0025-2611},
     CODEN = {MSMHB2},
   MRCLASS = {14F17 (14J60 41A10 52B99)},
  MRNUMBER = {1892771 (2003a:14026)},
MRREVIEWER = {Xiao Jiang Tan},
       DOI = {10.1007/s002290100222},
}

@article {CW83,
	AUTHOR = {Chui, C. and Wang, R.},
	TITLE = {On smooth multivariate spline functions},
	JOURNAL = {Math. Comp.},
	FJOURNAL = {Mathematics of Computation},
	VOLUME = {41},
	YEAR = {1983},
	NUMBER = {163},
	PAGES = {131--142},
	ISSN = {0025-5718},
	MRCLASS = {41A15 (41A63)},
	MRNUMBER = {701629},
	MRREVIEWER = {Klaus H\"{o}llig},
	DOI = {10.2307/2007771},
}

@article {DS01,
	AUTHOR = {Dalbec, J. and Schenck, H.},
	TITLE = {On a conjecture of {R}ose},
	JOURNAL = {J. Pure Appl. Algebra},
	FJOURNAL = {Journal of Pure and Applied Algebra},
	VOLUME = {165},
	YEAR = {2001},
	NUMBER = {2},
	PAGES = {151--154},
	ISSN = {0022-4049},
	MRCLASS = {41A63 (52B20)},
	MRNUMBER = {1865963},
	MRREVIEWER = {Antonio L\'{o}pez-Carmona},
	DOI = {10.1016/S0022-4049(00)00175-4},
}

@article {SchoenbergA,
    AUTHOR = {Schoenberg, I.},
     TITLE = {Contributions to the problem of approximation of equidistant
              data by analytic functions. {P}art {B}. {O}n the problem of
              osculatory interpolation. {A} second class of analytic
              approximation formulae},
   JOURNAL = {Quart. Appl. Math.},
  FJOURNAL = {Quarterly of Applied Mathematics},
    VOLUME = {4},
      YEAR = {1946},
     PAGES = {112--141},
      ISSN = {0033-569X},
   MRCLASS = {65.0X},
  MRNUMBER = {0016705 (8,55d)},
MRREVIEWER = {T. N. E. Greville},
}
		
@article {SchoenbergB,
    AUTHOR = {Schoenberg, I.},
     TITLE = {Contributions to the problem of approximation of equidistant
              data by analytic functions. {P}art {A}. {O}n the problem of
              smoothing or graduation. {A} first class of analytic
              approximation formulae},
   JOURNAL = {Quart. Appl. Math.},
  FJOURNAL = {Quarterly of Applied Mathematics},
    VOLUME = {4},
      YEAR = {1946},
     PAGES = {45--99},
      ISSN = {0033-569X},
   MRCLASS = {65.0X},
  MRNUMBER = {0015914 (7,487b)},
MRREVIEWER = {T. N. E. Greville},
}

@inproceedings {SchumakerLower,
	AUTHOR = {Schumaker, L.},
	TITLE = {On the dimension of spaces of piecewise polynomials in two
	variables},
	BOOKTITLE = {Multivariate approximation theory ({P}roc. {C}onf., {M}ath.
	{R}es. {I}nst., {O}berwolfach, 1979)},
	SERIES = {Internat. Ser. Numer. Math.},
	VOLUME = {51},
	PAGES = {396--412},
	PUBLISHER = {Birkh\"{a}user, Basel-Boston, Mass.},
	YEAR = {1979},
	MRCLASS = {41A15 (41A63)},
	MRNUMBER = {560683},
	MRREVIEWER = {P. Lipow},
}

@article {SchumakerU,
    AUTHOR = {Schumaker, L.},
     TITLE = {Bounds on the dimension of spaces of multivariate piecewise
              polynomials},
      NOTE = {Surfaces (Stanford, Calif., 1982)},
   JOURNAL = {Rocky Mountain J. Math.},
  FJOURNAL = {The Rocky Mountain Journal of Mathematics},
    VOLUME = {14},
      YEAR = {1984},
    NUMBER = {1},
     PAGES = {251--264},
      ISSN = {0035-7596},
     CODEN = {RMJMAE},
   MRCLASS = {41A99 (26C99)},
  MRNUMBER = {736177 (85h:41091)},
MRREVIEWER = {J. Albrycht},
       DOI = {10.1216/RMJ-1984-14-1-251},
}

@article {Strang,
    AUTHOR = {Strang, G.},
     TITLE = {Piecewise polynomials and the finite element method},
   JOURNAL = {Bull. Amer. Math. Soc.},
  FJOURNAL = {Bulletin of the American Mathematical Society},
    VOLUME = {79},
      YEAR = {1973},
     PAGES = {1128--1137},
      ISSN = {0002-9904},
   MRCLASS = {65N30},
  MRNUMBER = {0327060 (48 \#5402)},
MRREVIEWER = {J. R. Kuttler},
}

@article {2r,
    AUTHOR = {Toh{\v{a}}neanu, {\c{S}}.},
     TITLE = {Smooth planar {$r$}-splines of degree {$2r$}},
   JOURNAL = {J. Approx. Theory},
  FJOURNAL = {Journal of Approximation Theory},
    VOLUME = {132},
      YEAR = {2005},
    NUMBER = {1},
     PAGES = {72--76},
      ISSN = {0021-9045},
     CODEN = {JAXTAZ},
   MRCLASS = {13D40 (13F55 52B20 65D07)},
  MRNUMBER = {2110576 (2005h:13028)},
       DOI = {10.1016/j.jat.2004.10.011},
}

@article {WhiteleyScene,
    AUTHOR = {Whiteley, W.},
     TITLE = {A matroid on hypergraphs, with applications in scene analysis
              and geometry},
   JOURNAL = {Discrete Comput. Geom.},
  FJOURNAL = {Discrete \& Computational Geometry. An International Journal
              of Mathematics and Computer Science},
    VOLUME = {4},
      YEAR = {1989},
    NUMBER = {1},
     PAGES = {75--95},
      ISSN = {0179-5376},
     CODEN = {DCGEER},
   MRCLASS = {05B35 (05C65 52A37)},
  MRNUMBER = {964145 (89k:05027)},
MRREVIEWER = {Robert Connelly},
       DOI = {10.1007/BF02187716},
}

@unpublished {Whiteley90,
AUTHOR = {Whiteley, W.},
TITLE = {The geometry of bivariate splines},
YEAR = {1990},
URL = {https://www.researchgate.net/publication/271516580_The_Geometry_of_Bivariate_Ci-Splines},
}

@article {Yuz,
    AUTHOR = {Yuzvinsky, S.},
     TITLE = {Modules of splines on polyhedral complexes},
   JOURNAL = {Math. Z.},
  FJOURNAL = {Mathematische Zeitschrift},
    VOLUME = {210},
      YEAR = {1992},
    NUMBER = {2},
     PAGES = {245--254},
      ISSN = {0025-5874},
     CODEN = {MAZEAX},
   MRCLASS = {52B20 (13D05 41A65 52B99)},
  MRNUMBER = {1166523 (93h:52015)},
MRREVIEWER = {Egon Schulte},
       DOI = {10.1007/BF02571795},
}

@article{mourrain2016dimension,
	AUTHOR = {Mourrain, B. and Vidunas, R. and Villamizar,
	N.},
	TITLE = {Dimension and bases for geometrically continuous splines on
	surfaces of arbitrary topology},
	JOURNAL = {Comput.  Aided  Geom. Des.},
	FJOURNAL = {Computer Aided Geometric Design},
	VOLUME = {45},
	YEAR = {2016},
	PAGES = {108--133},
	ISSN = {0167-8396},
	MRCLASS = {41A15 (57N05 65D07)},
	MRNUMBER = {3510459},
	MRREVIEWER = {J. Peters},
	DOI = {10.1016/j.cagd.2016.03.003},
	URL = {https://doi.org/10.1016/j.cagd.2016.03.003},
}

@article {CDS16,
	AUTHOR = {Colvin, J. and DiMatteo, D. and Sorokina, T.},
	TITLE = {Dimension of trivariate {$C^1$} splines on bipyramid cells},
	JOURNAL = {Comput. Aided Geom. Design},
	FJOURNAL = {Computer Aided Geometric Design},
	VOLUME = {45},
	YEAR = {2016},
	PAGES = {140--150},
	ISSN = {0167-8396},
	MRCLASS = {41A15 (41A63 65D07)},
	MRNUMBER = {3510461},
	MRREVIEWER = {Vittoria Demichelis},
	DOI = {10.1016/j.cagd.2015.12.001},
}

%Arrangement references
@article {BT94,
	AUTHOR = {Brandt, K.  and Terao, H.},
	TITLE = {Free arrangements and relation spaces},
	JOURNAL = {Discrete Comput. Geom.},
	FJOURNAL = {Discrete \& Computational Geometry. An International Journal
	of Mathematics and Computer Science},
	VOLUME = {12},
	YEAR = {1994},
	NUMBER = {1},
	PAGES = {49--63},
	ISSN = {0179-5376},
	MRCLASS = {52B30},
	MRNUMBER = {1280576},
	MRREVIEWER = {Richard Randell},
	DOI = {10.1007/BF02574365},
}

@book {OT92,
	AUTHOR = {Orlik, P. and Terao, H.},
	TITLE = {Arrangements of hyperplanes},
	SERIES = {Grundlehren der Mathematischen Wissenschaften [Fundamental
	Principles of Mathematical Sciences]},
	VOLUME = {300},
	PUBLISHER = {Springer-Verlag, Berlin},
	YEAR = {1992},
	PAGES = {xviii+325},
	ISBN = {3-540-55259-6},
	MRCLASS = {52B30 (14F35 20F36 20F55 32S25 57N65)},
	MRNUMBER = {1217488},
	MRREVIEWER = {Michel Yves Jambu},
	DOI = {10.1007/978-3-662-02772-1},
}

@article {Z75,
	AUTHOR = {Zaslavsky, T.},
	TITLE = {Facing up to arrangements: face-count formulas for partitions
	of space by hyperplanes},
	JOURNAL = {Mem. Amer. Math. Soc.},
	FJOURNAL = {Memoirs of the American Mathematical Society},
	VOLUME = {1},
	YEAR = {1975},
	NUMBER = {issue 1, 154},
	PAGES = {vii+102},
	ISSN = {0065-9266},
	MRCLASS = {05A15},
	MRNUMBER = {0357135},
	MRREVIEWER = {E. Jucovic},
}

@article {Y93,
	AUTHOR = {Yuzvinsky, S.},
	TITLE = {The first two obstructions to the freeness of arrangements},
	JOURNAL = {Trans. Amer. Math. Soc.},
	FJOURNAL = {Transactions of the American Mathematical Society},
	VOLUME = {335},
	YEAR = {1993},
	NUMBER = {1},
	PAGES = {231--244},
	ISSN = {0002-9947},
	MRCLASS = {52B30 (32S20)},
	MRNUMBER = {1089421},
	MRREVIEWER = {Hiroaki Terao},
	DOI = {10.2307/2154266},
}

@article {ANN09,
	AUTHOR = {Abe, T. and Nuida, K. and Numata, Y.},
	TITLE = {Signed-eliminable graphs and free multiplicities on the braid
	arrangement},
	JOURNAL = {J. Lond. Math. Soc. (2)},
	FJOURNAL = {Journal of the London Mathematical Society. Second Series},
	VOLUME = {80},
	YEAR = {2009},
	NUMBER = {1},
	PAGES = {121--134},
	ISSN = {0024-6107},
	MRCLASS = {32S22},
	MRNUMBER = {2520381},
	MRREVIEWER = {Max Wakefield},
	DOI = {10.1112/jlms/jdp019},
}

@article {ATW08,
	AUTHOR = {Abe, T. and Terao, H. and Wakefield, M.},
	TITLE = {The {E}uler multiplicity and addition-deletion theorems for
	multiarrangements},
	JOURNAL = {J. Lond. Math. Soc. (2)},
	FJOURNAL = {Journal of the London Mathematical Society. Second Series},
	VOLUME = {77},
	YEAR = {2008},
	NUMBER = {2},
	PAGES = {335--348},
	ISSN = {0024-6107},
	MRCLASS = {32S22 (52C35)},
	MRNUMBER = {2400395},
	MRREVIEWER = {Alexander I. Suciu},
	DOI = {10.1112/jlms/jdm110},
}

@article {ATW07,
	AUTHOR = {Abe, T. and Terao, H. and Wakefield, M.},
	TITLE = {The characteristic polynomial of a multiarrangement},
	JOURNAL = {Adv. Math.},
	FJOURNAL = {Advances in Mathematics},
	VOLUME = {215},
	YEAR = {2007},
	NUMBER = {2},
	PAGES = {825--838},
	ISSN = {0001-8708},
	MRCLASS = {52C35 (13D40)},
	MRNUMBER = {2355609},
	DOI = {10.1016/j.aim.2007.04.019},
}

@incollection {FR87,
	AUTHOR = {Falk, M. and Randell, R.},
	TITLE = {On the homotopy theory of arrangements},
	BOOKTITLE = {Complex analytic singularities},
	SERIES = {Adv. Stud. Pure Math.},
	VOLUME = {8},
	PAGES = {101--124},
	PUBLISHER = {North-Holland, Amsterdam},
	YEAR = {1987},
	MRCLASS = {32C40 (55Q52)},
	MRNUMBER = {894288},
	MRREVIEWER = {Hiroaki Terao},
}

@article {Varchenko-Gelfand-Heaviside,
	AUTHOR = {Varchenko, A. N. and Gelfand, I. M.},
	TITLE = {Heaviside functions of a configuration of hyperplanes},
	JOURNAL = {Funktsional. Anal. i Prilozhen.},
	FJOURNAL = {Akademiya Nauk SSSR. Funktsional\cprime ny\u i\ Analiz i ego
	Prilozheniya},
	VOLUME = {21},
	YEAR = {1987},
	NUMBER = {4},
	PAGES = {1--18, 96},
	ISSN = {0374-1990},
	MRCLASS = {32C40 (51M20)},
	MRNUMBER = {925069},
	MRREVIEWER = {A.\ Verona},
}

% Preprints

@misc{Qingyu-Beihui,
	title={The condition for constructing a finite element from a superspline}, 
	author={J. Hu and T. Lin and Q. Wu and B. Yuan},
	year={2024},
	eprint={2407.03680},
	archivePrefix={arXiv},
	primaryClass={math.NA},
	howpublished ={\url{https://arxiv.org/abs/2407.03680}}, 
}

@misc{geometricContinuity,
	title={An algebraic framework for geometrically continuous splines}, 
	author={A. Mantzaflaris and B. Mourrain and N. Villamizar and B. Yuan},
	year={2023},
	eprint={2305.09096},
	archivePrefix={arXiv},
	primaryClass={math.NA},
	howpublished ={\url{https://arxiv.org/abs/2305.09096}}, 
}

@ARTICLE{DFMS16,
	author = {{DiPasquale}, M. and {Francisco}, C. and {Mermin},
	J. and {Schweig}, J.},
	title = "{Free and Non-free Multiplicities on the $A_3$ Arrangement}",
	journal = {arXiv e-prints},
	keywords = {Mathematics - Commutative Algebra, 13D02, 13P20, 13N15, 14N20},
	year = 2016,
	month = Sep,
	eid = {arXiv:1609.00337},
	pages = {arXiv:1609.00337},
	archivePrefix = {arXiv},
	eprint = {1609.00337},
	primaryClass = {math.AC},
	adsurl = {https://ui.adsabs.harvard.edu/\#abs/2016arXiv160900337D},
	adsnote = {Provided by the SAO/NASA Astrophysics Data System}
}

% Lefschetz properties
@article {St80,
	AUTHOR = {Stanley, R.},
	TITLE = {Weyl groups, the hard {L}efschetz theorem, and the {S}perner
	property},
	JOURNAL = {SIAM J. Algebraic Discrete Methods},
	FJOURNAL = {Society for Industrial and Applied Mathematics. Journal on
	Algebraic and Discrete Methods},
	VOLUME = {1},
	YEAR = {1980},
	NUMBER = {2},
	PAGES = {168--184},
	ISSN = {0196-5212},
	MRCLASS = {20G05 (05A05 06A10 14M17)},
	MRNUMBER = {578321},
	DOI = {10.1137/0601021},
}

@incollection {W87,
	AUTHOR = {Watanabe, J.},
	TITLE = {The {D}ilworth number of {A}rtinian rings and finite posets
	with rank function},
	BOOKTITLE = {Commutative algebra and combinatorics ({K}yoto, 1985)},
	SERIES = {Adv. Stud. Pure Math.},
	VOLUME = {11},
	PAGES = {303--312},
	PUBLISHER = {North-Holland, Amsterdam},
	YEAR = {1987},
	MRCLASS = {13E10 (13C99)},
	MRNUMBER = {951211},
	MRREVIEWER = {W. Heinzer},
}

@article {MMN11,
	AUTHOR = {Migliore, J. and Mir\'{o}-Roig, R. and Nagel, U.},
	TITLE = {Monomial ideals, almost complete intersections and the weak
	{L}efschetz property},
	JOURNAL = {Trans. Amer. Math. Soc.},
	FJOURNAL = {Transactions of the American Mathematical Society},
	VOLUME = {363},
	YEAR = {2011},
	NUMBER = {1},
	PAGES = {229--257},
	ISSN = {0002-9947},
	MRCLASS = {13E10 (13D40 13H10)},
	MRNUMBER = {2719680},
	MRREVIEWER = {Fabrizio Zanello},
	DOI = {10.1090/S0002-9947-2010-05127-X},
}

@article {Waldschmidt,
	AUTHOR = {Waldschmidt, M.},
	TITLE = {Propri\'{e}t\'{e}s arithm\'{e}tiques de fonctions de plusieurs variables.
	{II}},
	BOOKTITLE = {S\'{e}minaire {P}ierre {L}elong ({A}nalyse) ann\'{e}e 1975/76},
	PAGES = {108--135. Lecture Notes in Math., Vol. 578},
	PUBLISHER = {Springer, Berlin},
	YEAR = {1977},
	MRCLASS = {10F35},
	MRNUMBER = {0453659},
	MRREVIEWER = {P. Bundschuh},
}

@incollection {BDRHKKSS09,
	AUTHOR = {Bauer, T. and Di Rocco, S. and Harbourne, B. and
	Kapustka, M.  and Knutsen, A. and Syzdek, W. and
	Szemberg, T.},
	TITLE = {A primer on {S}eshadri constants},
	BOOKTITLE = {Interactions of classical and numerical algebraic geometry},
	SERIES = {Contemp. Math.},
	VOLUME = {496},
	PAGES = {33--70},
	PUBLISHER = {Amer. Math. Soc., Providence, RI},
	YEAR = {2009},
	MRCLASS = {14C20},
	MRNUMBER = {2555949},
	DOI = {10.1090/conm/496/09718},
}

@article {HH13,
	AUTHOR = {Harbourne, B. and Huneke, C.},
	TITLE = {Are symbolic powers highly evolved?},
	JOURNAL = {J. Ramanujan Math. Soc.},
	FJOURNAL = {Journal of the Ramanujan Mathematical Society},
	VOLUME = {28A},
	YEAR = {2013},
	PAGES = {247--266},
	ISSN = {0970-1249},
	MRCLASS = {13F20 (13A02 13C05 13C10 14C20 14N05)},
	MRNUMBER = {3115195},
	MRREVIEWER = {N. Mohan Kumar},
}

@incollection {DSGHNB18,
	AUTHOR = {Dao, H. and De Stefani, A. and Grifo, E. and
	Huneke, C. and N\'{u}\~{n}ez-Betancourt, L.},
	TITLE = {Symbolic powers of ideals},
	BOOKTITLE = {Singularities and foliations. geometry, topology and
	applications},
	SERIES = {Springer Proc. Math. Stat.},
	VOLUME = {222},
	PAGES = {387--432},
	PUBLISHER = {Springer, Cham},
	YEAR = {2018},
	MRCLASS = {13F20 (14N05)},
	MRNUMBER = {3779569},
	MRREVIEWER = {Cleto B. Miranda-Neto},
}

@article {S14,
	AUTHOR = {Schenck, H.},
	TITLE = {Splines on the {A}lfeld split of a simplex and type {A} root
	systems},
	JOURNAL = {J. Approx. Theory},
	FJOURNAL = {Journal of Approximation Theory},
	VOLUME = {182},
	YEAR = {2014},
	PAGES = {1--6},
	ISSN = {0021-9045},
	MRCLASS = {41A15 (41A63 52C35)},
	MRNUMBER = {3195374},
	DOI = {10.1016/j.jat.2014.02.005},
}

@article {S16,
	AUTHOR = {Schenck, H.},
	TITLE = {Algebraic methods in approximation theory},
	JOURNAL = {Comput. Aided Geom. Design},
	FJOURNAL = {Computer Aided Geometric Design},
	VOLUME = {45},
	YEAR = {2016},
	PAGES = {14--31},
	ISSN = {0167-8396},
	MRCLASS = {13D40 (13D02 41A15 52B70 65D07)},
	MRNUMBER = {3510453},
	MRREVIEWER = {Mihai Cipu},
	DOI = {10.1016/j.cagd.2015.11.001},
}

@article {Alfeld96,
	AUTHOR = {Alfeld, P.},
	TITLE = {Upper and lower bounds on the dimension of multivariate spline
	spaces},
	JOURNAL = {SIAM J. Numer. Anal.},
	FJOURNAL = {SIAM Journal on Numerical Analysis},
	VOLUME = {33},
	YEAR = {1996},
	NUMBER = {2},
	PAGES = {571--588},
	ISSN = {0036-1429},
	MRCLASS = {41A63 (41A15 65D07)},
	MRNUMBER = {1388489},
	MRREVIEWER = {Rong Qing Jia},
	DOI = {10.1137/0733030},
}

% Miscellaneous

@Misc {M2,
   author = {Grayson, D. and Stillman, M.},
   title = {Macaulay2, a software system for research in algebraic geometry},
   howpublished = {Available at \href{http://www.math.uiuc.edu/Macaulay2/}%
                   {http://www.math.uiuc.edu/Macaulay2/}},
}

@Misc {bertini,
	author = {Bates, D. and Hauenstein, J. and Sommese, A. and Wampler, C.},
	title = {Bertini, Software for Numerical Algebraic Geometry},
	howpublished = {Available at \href{https://bertini.nd.edu}
	{https://bertini.nd.edu}},
}